<record><leader>00000cas a22000007a 4500</leader><controlfield tag="001">18782991</controlfield><controlfield tag="008">881118d18931920pauwr ne      0    0eng d</controlfield><datafield ind1=" " ind2=" " tag="010"><subfield code="a">sn 88079537 </subfield></datafield><datafield ind1=" " ind2=" " tag="040"><subfield code="a">NPH</subfield><subfield code="b">eng</subfield><subfield code="c">NPH</subfield><subfield code="d">OCLCQ</subfield></datafield><datafield ind1=" " ind2=" " tag="042"><subfield code="a">msc</subfield></datafield><datafield ind1="0" ind2=" " tag="130"><subfield code="a">North East breeze (North East, Pa. : 1893)</subfield></datafield><datafield ind1="1" ind2="0" tag="245"><subfield code="a">North East breeze.</subfield></datafield><datafield ind1="3" ind2="0" tag="246"><subfield code="a">North breeze</subfield></datafield><datafield ind1=" " ind2=" " tag="260"><subfield code="a">North East, Erie Co., Pa. :</subfield><subfield code="b">Breeze Pub. Co.</subfield></datafield><datafield ind1=" " ind2=" " tag="300"><subfield code="a">v. :</subfield><subfield code="b">ill. ;</subfield><subfield code="c">58 cm.</subfield></datafield><datafield ind1=" " ind2=" " tag="310"><subfield code="a">Weekly</subfield></datafield><datafield ind1="1" ind2=" " tag="362"><subfield code="a">Began in 1893; ceased in 1920?</subfield></datafield><datafield ind1=" " ind2=" " tag="500"><subfield code="a">East appears over title ornament.</subfield></datafield><datafield ind1=" " ind2=" " tag="588"><subfield code="a">Description based on: 4th yr., no. 2 (May 16, 1896).</subfield></datafield><datafield ind1=" " ind2=" " tag="752"><subfield code="a">United States</subfield><subfield code="b">Pennsylvania</subfield><subfield code="c">Erie</subfield><subfield code="d">North East.</subfield></datafield><datafield ind1="0" ind2="7" tag="785"><subfield code="t">North East advertiser</subfield><subfield code="w">(DLC)sn 88079538</subfield></datafield><datafield ind1="0" ind2="7" tag="785"><subfield code="t">North East breeze and advertiser</subfield><subfield code="w">(DLC)sn 88079539</subfield></datafield></record>